@inproceedings{jackson2018single,
  title={Single Image Dehazing with Lab Analysis},
  author={\textbf{************} and Kun, She and Akande, Rapheal},
  booktitle={Proceedings of the 3rd International Conference on Multimedia and Image Processing},
  pages={110--113},
  year={2018}
}



@article{jackson2020fast,
  title={A Fast Single-Image Dehazing Algorithm Based on Dark Channel Prior and Rayleigh Scattering},
  author={\textbf{************} and Kun, She and Agyekum, Kwame Obour and Oluwasanmi, Ariyo and Suwansrikham, Parinya},
  journal={IEEE Access},
  volume={8},
  pages={73330--73339},
  year={2020},
  publisher={IEEE}
}


@inproceedings{Jackson2020,
  title={Multi-scale Haze Removal via Residual Network},
  author={\textbf{************} and Kun, She and Suwansrikham, Parinya},
  journal={	2021 3rd International Conference on Image, Video and Signal Processing (IVSP)},
  year={2021},
  pages={116â€“127}
}

@inproceedings{oluwasanmi2019sequential,
  title={Sequential Multi-Kernel Convolutional Recurrent Network for Sentiment Classification},
  author={Oluwasanmi, Ariyo and Akeem, Shokanbi and \textbf{************, Jehoiada} and Aftab, Muhammad Umar and Hundera, Negalign and Kumeda, Bulbula and Baagere, Edward and Qin, Zhiguang},
  booktitle={2019 IEEE 10th International Conference on Software Engineering and Service Science (ICSESS)},
  pages={1--5},
  year={2019},
  organization={IEEE}
}



@article{suwansrikham2020dew,
  title={Dew Computing and Asymmetric Security Framework for Big Data File Sharing},
  author={Suwansrikham, Parinya and Kun, She and \textbf{Jackson, Jehoiada}},
  journal={Information},
  volume={11},
  number={6},
  pages={303},
  year={2020},
  publisher={Multidisciplinary Digital Publishing Institute}
}



@article{oluwasanmi2020attentively,
  title={Attentively conditioned generative adversarial network for semantic segmentation},
  author={Oluwasanmi, Ariyo and Shokanbi, Akeem and \textbf{Jackson, Jehoiada} and Kumeda, Bulbula and Qin, Zhiquang},
  journal={IEEE Access},
  volume={8},
  pages={31733--31741},
  year={2020},
  publisher={IEEE}
}






