
@article{AN1,
  title={Single Image Dehazing Using Haze-Lines},
  author={D. Berman and T. Treibitz and S. Avidan},
  journal={IEEE Transactions on Pattern Analysis and Machine Intelligence},
  year={2020},
  volume={42},
  pages={720-734}
}

@article{AN2,
  title={Fast Single Image Dehazing Using Saturation Based Transmission Map Estimation},
  author={S. E. Kim and T. H. Park and I. K. Eom},
  journal={IEEE Transactions on Image Processing},
  year={2020},
  volume={29},
  pages={1985-1998}
}

@article{AN3,
  title={An Anisotropic Gaussian Filtering Model for Image De-Hazing},
  author={Hui Fu and Weirong Liu and H. Chen and Zhiwen Wang},
  journal={IEEE Access},
  year={2020},
  volume={8},
  pages={175140-175149}
}


@article{AN4,
  title={Saturation Based Iterative Approach for Single Image Dehazing},
  author={Z. Lu and Bangyuan Long and Shiqi Yang},
  journal={IEEE Signal Processing Letters},
  year={2020},
  volume={27},
  pages={665-669}
}

@article{AN5,
  title={Brightness preservation single-image dehazing algorithm based on local visual pattern},
  author={Z. Zhu and X. Zhang},
  journal={Journal of Electronic Imaging},
  year={2020},
  volume={29},
  pages={063017 - 063017}
}

@article{AN6,
  title={IDGCP: Image Dehazing Based on Gamma Correction Prior},
  author={Mingye Ju and C. Ding and Y. Guo and D. Zhang},
  journal={IEEE Transactions on Image Processing},
  year={2020},
  volume={29},
  pages={3104-3118}
}


@article{AN7,
  title={IDE: Image Dehazing and Exposure Using an Enhanced Atmospheric Scattering Model},
  author={Mingye Ju and C. Ding and Wenqi Ren and Y. Yang and Dengyin Zhang and Y. Guo},
  journal={IEEE Transactions on Image Processing},
  year={2021},
  volume={30},
  pages={2180-2192}
}


@article{AN8,
  title={Fast Fusion-Based Dehazing With Histogram Modification and Improved Atmospheric Illumination Prior},
  author={Fushuo Huo and Xuegui Zhu and H. Zeng and Q. Liu and J. Qiu},
  journal={IEEE Sensors Journal},
  year={2021},
  volume={21},
  pages={5259-5270}
}



@inproceedings{a1,
  title={Hybrid single image dehazing with bright channel and dark channel priors},
  author={Jackson, Jehoiada and Ariyo, Oluwasanmi and Acheampong, Kingsley and Boakye, Maxwell and Frimpong, Enoch and Ashalley, Eric and Rao, Yunbo},
  booktitle={2017 2nd International Conference on Image, Vision and Computing (ICIVC)},
  pages={381--385},
  year={2017},
  organization={IEEE}
}


@article{a2,
  title={Learning interleaved cascade of shrinkage fields for joint image dehazing and denoising},
  author={Wu, Qingbo and Ren, Wenqi and Cao, Xiaochun},
  journal={IEEE Transactions on Image Processing},
  volume={29},
  pages={1788--1801},
  year={2019},
  publisher={IEEE}
}

@article{a3,
title={Improving image quality in poor visibility conditions using a physical model for contrast degradation}, author={J. Oakley and B. L. Satherley}, journal={IEEE transactions on image processing}, year={1998}, volume={7 2}, pages={ 167-79 } } 

@article{a4,
  title={Deep Residual Haze Network for Image Dehazing and Deraining},
  author={Chuansheng Wang and Zuoyong Li and Jiawei Wu and Haoyi Fan and Guobao Xiao and Hong Zhang},
  journal={IEEE Access},
  year={2020},
  volume={8},
  pages={9488-9500}
}


@article{c11,
  title={Fast single image dehazing using saturation based transmission map estimation},
  author={Kim, Se Eun and Park, Tae Hee and Eom, Il Kyu},
  journal={IEEE Transactions on Image Processing},
  volume={29},
  pages={1985--1998},
  year={2019},
  publisher={IEEE}
}


@article{c12,
  title={Integrating Haze Density Features for Fast Nighttime Image Dehazing},
  author={Wenhua Lou and Y. Li and Guowei Yang and Chenglizhao Chen and H. Yang and Teng Yu},
  journal={IEEE Access},
  year={2020},
  volume={8},
  pages={113318-113330}
}


@article{c13,
  title={Single image dehazing based on learning of haze layers},
  author={Jinsheng Xiao and Meng-yao Shen and Junfeng Lei and J. Zhou and R. Klette and H. Sui},
  journal={Neurocomputing},
  year={2020},
  volume={389},
  pages={108-122}
}

@article{c14,
  title={Single image dehazing based on fusion strategy},
  author={F. Guo and X. Zhao and Jin Tang and H. Peng and Lijue Liu and Beiji Zou},
  journal={Neurocomputing},
  year={2020},
  volume={378},
  pages={9-23}
}

@article{c1,
  title={Stellar map centroid positioning based on dark channel denoising and feasibility of jitter detection on ZiYuan3 satellite platform},
  author={Hong Zhu and Junfeng Xie and Xinming Tang and Di Jia and Guangtong Sun},
  journal={Journal of Applied Remote Sensing},
  year={2021},
  volume={15},
  pages={016519 - 016519}
}
@article{z1,
  title={Restoration method of sootiness mural images based on dark channel prior and Retinex by bilateral filter},
  author={Ning Cao and S. Lyu and M. Hou and Wanfu Wang and Zhenhua Gao and A. Shaker and Youqiang Dong},
  journal={Heritage Science},
  year={2021},
  volume={9},
  pages={1-19}
}

@article{c2,
  title={A simple and effective histogram equalization approach to image enhancement},
  author={Cheng, HD and Shi, XJ},
  journal={Digital signal processing},
  volume={14},
  number={2},
  pages={158--170},
  year={2004},
  publisher={Elsevier}
}


@article{c3,
  title={Two-dimensional histogram equalization and contrast enhancement},
  author={T. Ã‡elik},
  journal={Pattern Recognit.},
  year={2012},
  volume={45},
  pages={3810-3824}
}


@article{c4,
title = {Histogram equalization and optimal profile compression based approach for colour image enhancement},
journal = {Journal of Visual Communication and Image Representation},
volume = {38},
pages = {802-813},
year = {2016},
author = {Chin Yeow Wong and Guannan Jiang and Md Arifur Rahman and Shilong Liu and Stephen Ching-Feng Lin and Ngaiming Kwok and Haiyan Shi and Ying-Hao Yu and Tonghai Wu},
}


@article{c5,
  title={Image enhancement via adaptive unsharp masking},
  author={Andrea Polesel and G. Ramponi and V. J. Mathews},
  journal={IEEE transactions on image processing},
  year={2000},
  volume={93},
  pages={
          505-10
        }
}

@article{c6,
  title={A dynamic histogram equalization for image contrast enhancement},
  author={Abdullah-Al-Wadud, Mohammad and Kabir, Md Hasanul and Dewan, M Ali Akber and Chae, Oksam},
  journal={IEEE Transactions on Consumer Electronics},
  volume={53},
  number={2},
  pages={593--600},
  year={2007},
  publisher={IEEE}
}


@article{c7, title={L*a*b based contrast limited adaptive histogram equalization for underwater images }, author={ D. R. Tobergte and S. Curtis}, journal={International Journal of Computer Application.}, year={2015}, volume={5}, pages={2250-1797 } }

@article{c8, title={Image enhancement and image quality analysis using fuzzy logic techniques}, author={A. Saenko and G. Polte and V. Musalimov}, journal={2012 9th International Conference on Communications (COMM)}, year={2012}, pages={95-98} }
@article{c9, title={Contrast enhancement using brightness preserving bi-histogram equalization}, author={Yeong-Taeg Kim}, journal={IEEE Transactions on Consumer Electronics}, year={1997}, volume={43}, pages={1-8} }

@article{c10, title={Image enhancement based on equal area dualistic sub-image histogram equalization method}, author={Y. Wang and Qian Chen and B. Zhang}, journal={IEEE Trans. Consumer Electron.}, year={1999}, volume={45}, pages={68-75} }

@article{g1,
  title={Iterated Adaptive Entropy-Clip Limit Histogram Equalization for Poor Contrast Images},
  author={Samer Hameed Majeed and N. A. M. Isa},
  journal={IEEE Access},
  year={2020},
  volume={8},
  pages={144218-144245}
}


@article{g2,
  title={Adaptive Entropy Index Histogram Equalization for Poor Contrast Images},
  author={Samer Hameed Majeed and Nor Atiqah Md Isa},
  journal={IEEE Access},
  year={2021},
  volume={9},
  pages={6402-6437}
}



@article{g3,
  title={Salp Swarm Algorithm-Based Optimally Weighted Histogram Framework for Image Enhancement},
  author={A. Bhandari and Pankaj Kandhway and Shubham Maurya},
  journal={IEEE Transactions on Instrumentation and Measurement},
  year={2020},
  volume={69},
  pages={6807-6815}
}


@article{g4,
  title={A dynamically adapted and weighted Bat algorithm in image enhancement domain},
  author={K. G. Dhal and S. Das},
  journal={Evolving Systems},
  year={2019},
  volume={10},
  pages={129-147}
}

@article{g5,
  title={Histogram equalization techniques for image enhancement},
  author={Garg, Rajesh and Mittal, Bhawna and Garg, Sheetal},
  journal={International Journal of Electronics & Communication Technology},
  volume={2},
  number={1},
  pages={107--111},
  year={2011}
}

@article{c15,
  title={A new image quality measure for assessment of histogram equalization-based contrast enhancement techniques},
  author={Chen, Soong-Der},
  journal={Digital Signal Processing},
  volume={22},
  number={4},
  pages={640--647},
  year={2012},
  publisher={Elsevier}
}





@article{c16, title={Review of Different Local and Global Contrast Enhancement Techniques for a Digital Image}, author={S. Gupta and Yadwinder Kaur}, journal={International Journal of Computer Applications}, year={2014}, volume={100}, pages={18-23} }


@article{c17, title={An Adaptive Detail Equalization for Infrared Image Enhancement Based on Multi-Scale Convolution}, author={H. Lu and Zhenbing Liu and Xipeng Pan}, journal={IEEE Access}, year={2020}, volume={8}, pages={156763-156773} }



@article{c18,
  title={Generalized equation for real-world image enhancement by Milano Retinex family.},
  author={M. Lecca},
  journal={Journal of the Optical Society of America. A, Optics, image science, and vision},
  year={2020},
  volume={37 5},
  pages={
          849-858
        }
}





@inproceedings{c19,
  title={Pixel based and Wavelet based Image fusion Methods with their Comparative Study},
  author={Solanki, Chetan K and Patel, Narendra M},
  booktitle={National conference on recent trends in engineering \& technology},
  volume={13},
  pages={13--14},
  year={2011}
}






@article{c20,
  title={A wavelet-based image fusion tutorial},
  author={G. Pajares and J. Cruz},
  journal={Pattern Recognition.},
  year={2004},
  volume={37},
  pages={1855-1872}
}


@article{c21,
  title={Multi focus image fusion using combined median and average filter based hybrid stationary wavelet transform and principal component analysis},
  author={Lianfang, Tian and Ahmed, J and Qiliang, Du and Shankar, Bhawani and Adnan, Saifullah},
  journal={International Journal of Advanced Computer Science and Applications},
  volume={9},
  number={6},
  pages={34--41},
  year={2018}
}



@article{c22,
  title={Comparison of image fusion techniques in RGB & Kekre's LUV color space},
  author={H. B. Kekre and D. Mishra and Rakhee S. Saboo},
  journal={2015 International Conference on Futuristic Trends on Computational Analysis and Knowledge Management (ABLAZE)},
  year={2015},
  pages={114-120}
}

@article{c23,
  title={A hybrid approach for Medical Image Fusion Based on Wavelet Transform and Principal Component Analysis},
  author={Abdelsamie, Fathi E and others},
  journal={Menoufia Journal of Electronic Engineering Research},
  volume={27},
  number={2},
  pages={59--70},
  year={2018},
  publisher={Menoufia University, Faculty of Electronic Engineering}
}


@article{c24,
  title={Hybrid Image Fusion Method Based On Discrete Wavelet Transform (DWT), Principal Component Analysis (PCA) and Guided Filter},
  author={Andleeb Noor and Saima Gaffar and M. T. Hassan and Mir Junaid and Aabid Mir and A. Kaur},
  journal={2020 First International Conference of Smart Systems and Emerging Technologies (SMARTTECH)},
  year={2020},
  pages={138-143}
}



@INPROCEEDINGS{1,

  author={P. {Koranga} and S. {Kumawat}},

  booktitle={2020 5th IEEE International Conference on Recent Advances and Innovations in Engineering (ICRAIE)}, 

  title={A Review on Comparison of Different Techniques of Image Dehazing}, 

  year={2020},
  pages={1-6},
}


@article{2,
  title={Image dehazing using MSRCR algorithm and morphology based algorithm: A Concise Review},
  author={Girija, MG and Shanavaz, KT and Ajith, GS},
  journal={Materials Today: Proceedings},
  volume={24},
  pages={1890--1897},
  year={2020},
  publisher={Elsevier}
}


@article{3,
  title={A comprehensive review of computational dehazing techniques},
  author={Singh, Dilbag and Kumar, Vijay},
  journal={Archives of Computational Methods in Engineering},
  volume={26},
  number={5},
  pages={1395--1413},
  year={2019},
  publisher={Springer}
}


@article{4, title={Model based Dehazing Algorithms for Hazy Image Restoration â€“ A Review}, author={Deoyani Mujbaile and D. Rojatkar}, journal={2020 2nd International Conference on Innovative Mechanisms for Industry Applications (ICIMIA)}, year={2020}, pages={142-148} }


@article{5,
  title={A high-efficiency and high-speed gain intervention refinement filter for haze removal},
  author={Chen, Bo-Hao and Huang, Shih-Chia and Cheng, Fan-Chieh},
  journal={Journal of Display Technology},
  volume={12},
  number={7},
  pages={753--759},
  year={2016},
  publisher={IEEE}
}


@article{6,
  title={Single image dehazing using dark channel prior and minimal atmospheric veil},
  author={Zhou, Xiao and Wang, Chengyou and Wang, Liping and Wang, Nan and Fu, Qiming},
  journal={KSII Transactions on Internet and Information Systems (TIIS)},
  volume={10},
  number={1},
  pages={341--363},
  year={2016},
  publisher={Korean Society for Internet Information}
}


@article{7,
  title={An analysis of visual adaptation and contrast perception for tone mapping},
  author={Ferradans, Sira and Bertalmio, Marcelo and Provenzi, Edoardo and Caselles, Vincent},
  journal={IEEE Transactions on Pattern Analysis and Machine Intelligence},
  volume={33},
  number={10},
  pages={2002--2012},
  year={2011},
  publisher={IEEE}
}


@article{8, title={Image Haze Removal Algorithm Based on Nonsubsampled Contourlet Transform}, author={Bowen Zhang and Manli Wang and X. Shen}, journal={IEEE Access}, year={2021}, volume={9}, pages={21708-21720} }


@incollection{9,
  title={A Haze Removal Method Based on Additional Depth Information and Image Fusion},
  author={Tian, Tian and Zhang, Bin},
  booktitle={Sensor Networks and Signal Processing},
  pages={423--433},
  year={2021},
  publisher={Springer}
}


@incollection{10,
  title={An Enhanced Depth Approximation Model for Haze Removal Using Single Image},
  author={Raikwar, Suresh and Tapaswi, Shashikala},
  booktitle={Innovations in Electrical and Electronic Engineering},
  pages={679--692},
  year={2021},
  publisher={Springer}
}








@INPROCEEDINGS{a5,
  author={S. G. {Narasimhan} and S. K. {Nayar}},
  booktitle={Proceedings IEEE Conference on Computer Vision and Pattern Recognition(CVPR)}, 
  title={Chromatic framework for vision in bad weather}, 
  year={2000},
  volume={1},
  pages={598-605},

}


@article{a6,
title={Referenceless Prediction of Perceptual Fog Density and Perceptual Image Defogging}, author={L. K. Choi and J. You and A. Bovik}, journal={IEEE Transactions on Image Processing}, year={2015}, volume={24}, pages={3888-3901} }

@article{a7,
title={Efficient Image Dehazing with Boundary Constraint and Contextual Regularization}, author={Gaofeng Meng and Y. Wang and Jiangyong Duan and S. Xiang and C. Pan}, journal={2013 IEEE International Conference on Computer Vision}, year={2013}, pages={617-624} }

@article{a8,
  title={Single image dehazing using the change of detail prior},
  author={Li, Jiafeng and Zhang, Hong and Yuan, Ding and Sun, Mingui},
  journal={Neurocomputing},
  volume={156},
  pages={1--11},
  year={2015},
  publisher={Elsevier}
}
@ARTICLE{a9,

  author={C. O. {Ancuti} and C. {Ancuti}},

  journal={IEEE Transactions on Image Processing}, 

  title={Single Image Dehazing by Multi-Scale Fusion}, 

  year={2013},

  volume={22},

  number={8},

  pages={3271-3282},

  }



@article{a10,
  title={A convex single image dehazing model via sparse dark channel prior},
  author={Wang, Yugang and Huang, Ting-Zhu and Zhao, Xi-Le and Deng, Liang-Jian and Ji, Teng-Yu},
  journal={Applied Mathematics and Computation},
  volume={375},
  pages={125085},
  year={2020},
  publisher={Elsevier}
}


@article{a11,
  title={Single image haze removal via depth-based contrast stretching transform},
  author={Liu, Qian and Chen, MaoYin and Zhou, DongHua},
  journal={Science China Information Sciences},
  volume={58},
  number={1},
  pages={1--17},
  year={2015},
  publisher={Springer}
}




@INCOLLECTION{a12,
  author    = {Hauti\`ere, N. and Labayrade, R. and Boussard, C. and Tarel, J.-P. and Aubert, D.},
  title     = {Perception through Scattering Media for Autonomous Vehicles},
  editor    = {Weihua Yang},
  booktitle = {Autonomous Robots Research Advances},
  publisher = {Nova Science Publishers, Inc.},
  address   = {Hauppauge, NY},
  month     = apr,
  year      = 2008,
  pages     = {223--267},
  chapter   = 8,
  url      = {http://perso.lcpc.fr/tarel.jean-philippe/publis/nova08.html}
}

@article{a13,
  title={Research progress of image haze grade evaluation and dehazing technology},
  author={Li, Gun and Wu, JF and Lei, ZY},
  journal={Laser J},
  volume={35},
  number={9},
  pages={1--6},
  year={2014}
}


@article{a14,
  title={The latest research progress of image dehazing},
  author={Wu, Di and Zhu, Qing-song},
  journal={Acta Automatica Sinica},
  volume={41},
  number={2},
  pages={221--239},
  year={2015}
}


@article{a15,
  title={Single image fog removal using anisotropic diffusion},
  author={Tripathi, Abhishek Kumar and Mukhopadhyay, Sudipta},
  journal={IET Image processing},
  volume={6},
  number={7},
  pages={966--975},
  year={2012},
  publisher={IET}
}


@inproceedings{a16,
title={Fog removal techniques from images: A comparative review and future directions}, author={G. Yadav and Saurabh Maheshwari and Anjali Agarwal}, journal={2014 International Conference on Signal Propagation and Computer Technology (ICSPCT 2014)}, year={2014}, pages={44-52} }

@article{a17,
  title={Removal of fog from images: A review},
  author={Tripathi, Abhishek Kumar and Mukhopadhyay, Sudipta},
  journal={IETE Technical Review},
  volume={29},
  number={2},
  pages={148--156},
  year={2012},
  publisher={Taylor \& Francis}
}


@inproceedings{80,
  title={Fast visibility restoration from a single color or gray level image},
  author={Tarel, Jean-Philippe and Hautiere, Nicolas},
  booktitle={2009 IEEE 12th International Conference on Computer Vision},
  pages={2201--2208},
  year={2009},
  organization={IEEE}
}

@inproceedings{nw1,
  title={Single image dehazing via multi-scale convolutional neural networks},
  author={Ren, Wenqi and Liu, Si and Zhang, Hua and Pan, Jinshan and Cao, Xiaochun and Yang, Ming-Hsuan},
  booktitle={European conference on computer vision},
  pages={154--169},
  year={2016},
  organization={Springer}
}



@article{a18,
title={Fusion Strategy for Single Image Dehazing}, author={Fan Guo and J. Tang and Zixing Cai}, journal={International Journal of Digital Content Technology and Its Applications}, year={2013}, volume={7}, pages={19-28} }

@inproceedings{a19,
title={A fusion-based enhancing approach for single sandstorm image}, author={Xueyang Fu and Y. Huang and D. Zeng and X. Zhang and Xinghao Ding}, journal={2014 IEEE 16th International Workshop on Multimedia Signal Processing (MMSP)}, year={2014}, pages={1-5} }}

@inproceedings{a20,
title={Optics of the Atmosphere: Scattering by Molecules and Particles}, author={E. J. McCartney and F. Hall}, journal={Physics Today}, year={1976}, volume={30}, pages={76-77} }


@article{a21,
title={Instant dehazing of images using polarization}, author={Y. Schechner and S. Narasimhan and S. Nayar}, journal={Proceedings of the 2001 IEEE Computer Society Conference on Computer Vision and Pattern Recognition. CVPR 2001}, year={2001}, volume={1}, pages={I-I} } 

@article{a22,
title={Blind Haze Separation}, author={Sarit Shwartz and Einav Namer and Y. Schechner}, journal={2006 IEEE Computer Society Conference on Computer Vision and Pattern Recognition (CVPR'06)}, year={2006}, volume={2}, pages={1984-1991} }

@article{a23,
title={Polarization-Based Dehazing Using Two Reference Objects}, author={D. Miyazaki and Daisuke Akiyama and Masashi Baba and R. Furukawa and S. Hiura and N. Asada}, journal={2013 IEEE International Conference on Computer Vision Workshops}, year={2013}, pages={852-859} }

@INPROCEEDINGS{a24,

  author={T. {Treibitz} and Y. Y. {Schechner}},

  booktitle={2009 IEEE Conference on Computer Vision and Pattern Recognition}, 

  title={Polarization: Beneficial for visibility enhancement?}, 

  year={2009},

  volume={},

  number={},

  pages={525-532},

  doi={10.1109/CVPR.2009.5206551}}




@article{a25,
  title={Deep photo: Model-based photograph enhancement and viewing},
  author={Kopf, Johannes and Neubert, Boris and Chen, Billy and Cohen, Michael and Cohen-Or, Daniel and Deussen, Oliver and Uyttendaele, Matt and Lischinski, Dani},
  journal={ACM transactions on graphics (TOG)},
  volume={27},
  number={5},
  pages={1--10},
  year={2008},
  publisher={ACM New York, NY, USA}
}


@inproceedings{a26,
  title={Interactive (de) weathering of an image using physical models},
  author={Narasimhan, Srinivasa G and Nayar, Shree K},
  booktitle={IEEE Workshop on color and photometric Methods in computer Vision},
  volume={6},
  number={6.4},
  pages={1},
  year={2003},
  organization={France}
}



@article{a27,
title={Chromatic framework for vision in bad weather}, author={S. Narasimhan and S. Nayar}, journal={Proceedings IEEE Conference on Computer Vision and Pattern Recognition. CVPR 2000 (Cat. No.PR00662)}, year={2000}, volume={1}, pages={598-605 vol.1} }

@inproceedings{a28,
title={Contrast Restoration of Weather Degraded Images}, author={S. Narasimhan and S. Nayar}, journal={IEEE Trans. Pattern Anal. Mach. Intell.}, year={2003}, volume={25}, pages={713-724} }

@inproceedings{a29,
title={Vision in bad weather}, author={S. Nayar and S. Narasimhan}, journal={Proceedings of the Seventh IEEE International Conference on Computer Vision}, year={1999}, volume={2}, pages={820-827 vol.2} }


@article{a30,
title={Visibility in bad weather from a single image}, author={R. Tan}, journal={2008 IEEE Conference on Computer Vision and Pattern Recognition}, year={2008}, pages={1-8} }

@inproceedings{a31,
title={Single image dehazing}, author={R. Fattal}, journal={ACM Trans. Graph.}, year={2008}, volume={27}, pages={72} }

@article{a32,
title={Factorizing Scene Albedo and Depth from a Single Foggy Image}, author={L. Kratz and Ko Nishino}, journal={2009 IEEE 12th International Conference on Computer Vision}, year={2009}, pages={1701-1708} }

@ARTICLE{a33,

  author={K. {He} and J. {Sun} and X. {Tang}},

  journal={IEEE Transactions on Pattern Analysis and Machine Intelligence}, 

  title={Single Image Haze Removal Using Dark Channel Prior}, 

  year={2011},

  volume={33},

  number={12},

  pages={2341-2353},

  doi={10.1109/TPAMI.2010.168}}

@article{a34,
title={Fast single image dehazing through Edge-Guided Interpolated Filter}, author={Ximei Zhu and Y. Li and Yu Qiao}, journal={2015 14th IAPR International Conference on Machine Vision Applications (MVA)}, year={2015}, pages={443-446} }
  
@article{a35, 
title={A Framework for Outdoor RGB Image Enhancement and Dehazing}, author={Alina Majeed Chaudhry and M. Riaz and A. Ghafoor}, journal={IEEE Geoscience and Remote Sensing Letters}, year={2018}, volume={15}, pages={932-936} }

@article{a36, title={Vision Enhancement in Homogeneous and Heterogeneous Fog}, author={Jean-Philippe Tarel and N. Hauti{\`e}re and Laurent Caraffa and Aur{\'e}lien Cord and Houssam Halmaoui and D. Gruyer}, journal={IEEE Intelligent Transportation Systems Magazine}, year={2012}, volume={4}, pages={6-20} }

@article{a37, title={IMPROVED SINGLE IMAGE DEHAZING BY FUSION}, author={Nitish Gundawar and V. Baru}, journal={International Journal of Research in Engineering and Technology}, year={2014}, volume={03}, pages={432-437} }

@article{a38, title={Single Remote Sensing Image Dehazing}, author={J. Long and Z. Shi and Wei Tang and C. Zhang}, journal={IEEE Geoscience and Remote Sensing Letters}, year={2014}, volume={11}, pages={59-63} }

@article{a39, title={Haze Removal for a Single Remote Sensing Image Based on Deformed Haze Imaging Model}, author={Xiaoxi Pan and Fengying Xie and Z. Jiang and Jihao Yin}, journal={IEEE Signal Processing Letters}, year={2015}, volume={22}, pages={1806-1810} }

@article{k1,
  title={Extraction and research of crop feature points based on computer vision},
  author={Cui, Jingwen and Zhang, Jianping and Sun, Guiling and Zheng, Bowen},
  journal={Sensors},
  volume={19},
  number={11},
  pages={2553},
  year={2019},
  publisher={Multidisciplinary Digital Publishing Institute}
}


@article{k2, title={Feature Extraction of Cultural Gene Image Based on PCA Method}, author={Chengsheng Wu and Guanglei Qi and H. Zhao and Zhijiang Chen}, journal={2020 International Conference on Computer Engineering and Application (ICCEA)}, year={2020}, pages={860-863} }

@article{k3, title={Gated Fusion Network for Degraded Image Super Resolution}, author={X. Zhang and Hang Dong and Zhe Hu and Wei-Sheng Lai and Fei Wang and Ming-Hsuan Yang}, journal={International Journal of Computer Vision}, year={2020}, volume={128}, pages={1699-1721} }

@article{k4, title={A Novel Fast Single Image Dehazing Algorithm Based on Artificial Multiexposure Image Fusion}, author={Z. Zhu and Hongyan Wei and Gongzhu Hu and Yuanyuan Li and Guanqiu Qi and Neal Mazur}, journal={IEEE Transactions on Instrumentation and Measurement}, year={2021}, volume={70}, pages={1-23} }

@article{k5,
  title={Indirect Domain Shift for Single Image Dehazing},
  author={Liu, Huan and Wang, Chen and Chen, Jun},
  journal={arXiv preprint arXiv:2102.03268},
  year={2021},
  pages={595--602}
}

@article{k6,
  title={Genetic algorithm-based parameter selection approach to single image defogging},
  author={Guo, Fan and Peng, Hui and Tang, Jin},
  journal={Information Processing Letters},
  volume={116},
  number={10},
  pages={595--602},
  year={2016},
  publisher={Elsevier}
}


@article{k7, title={Prior guided conditional generative adversarial network for single image dehazing}, author={Yan Su and Zhi Gao Cui and Chuan He and Ai Hua Li and Tao Wang and Kun Cheng}, journal={Neurocomputing}, year={2021}, volume={423}, pages={620-638} }

@article{k8,
  title={Deep White-Balance Editing},
  author={M. Afifi and M. S. Brown},
  journal={2020 IEEE/CVF Conference on Computer Vision and Pattern Recognition (CVPR)},
  year={2020},
  pages={1394-1403}
}


@article{a40, title={Single image dehazing for visible remote sensing based on tagged haze thickness maps}, author={Hou Jiang and N. Lu and L. Yao and Xingxing Zhang}, journal={Remote Sensing Letters}, year={2018}, volume={9}, pages={627 - 635} }

@article{a41, title={An Efficient Fusion-Based Defogging}, author={Jing-Ming Guo and J. Syue and Vincent Radzicki and H. Lee}, journal={IEEE Transactions on Image Processing}, year={2017}, volume={26}, pages={4217-4228} }

@article{a42,
  title={Optimized contrast enhancement for real-time image and video dehazing},
  author={Kim, Jin-Hwan and Jang, Won-Dong and Sim, Jae-Young and Kim, Chang-Su},
  journal={Journal of Visual Communication and Image Representation},
  volume={24},
  number={3},
  pages={410--425},
  year={2013},
  publisher={Elsevier}
}


@article{a43, title={Additive noise reduction in natural images using second-generation wavelet transform hidden Markov models}, author={Asem Khmag and A. R. Ramli and S. Hashim and S. Al-Haddad}, journal={Transactions on Electrical and Electronic Engineering}, year={2016}, volume={11}, pages={339-347} }

@article{a44, title={A Modified Haze Removal Algorithm Using Dark Channel Prior}, author={X. Wu and X. Ding and Q. Xiao}, journal={Advanced Materials Research}, year={2012}, volume={457-458}, pages={1397 - 1402} }

@inproceedings{a45,
  title={Fast r-cnn},
  author={Girshick, Ross},
  booktitle={Proceedings of the IEEE international conference on computer vision},
  pages={1440--1448},
  year={2015}
}


@article{a46, title={Generalized Deep Transfer Networks for Knowledge Propagation in Heterogeneous Domains}, author={J. Tang and Xiangbo Shu and Zechao Li and Guo-Jun Qi and Jingdong Wang}, journal={ACM Transactions on Multimedia Computing, Communications, and Applications (TOMM)}, year={2016}, volume={12}, pages={1 - 22} }

@article{a47, title={Investigating Haze-Relevant Features in a Learning Framework for Image Dehazing}, author={Ketan Tang and Jianchao Yang and J. Wang}, journal={2014 IEEE Conference on Computer Vision and Pattern Recognition}, year={2014}, pages={2995-3002} }

@article{a48, title={Random Forests}, author={L. Breiman}, journal={Machine Learning}, year={2004}, volume={45}, pages={5-32} }

@article{a49, title={A Fast Single Image Haze Removal Algorithm Using Color Attenuation Prior}, author={Q. Zhu and Jiaming Mai and L. Shao}, journal={IEEE Transactions on Image Processing}, year={2015}, volume={24}, pages={3522-3533} }

@article{a50, title={DehazeNet: An End-to-End System for Single Image Haze Removal}, author={B. Cai and Xiangmin Xu and K. Jia and Chunmei Qing and D. Tao}, journal={IEEE Transactions on Image Processing}, year={2016}, volume={25}, pages={5187-5198} }

@inproceedings{a51,
  title={Adaptive multi-column deep neural networks with application to robust image denoising},
  author={Agostinelli, Forest and Anderson, Michael R and Lee, Honglak},
  booktitle={Advances in Neural Information Processing Systems},
  pages={1493--1501},
  year={2013}
}


@article{a52,
  title={Image denoising and inpainting with deep neural networks},
  author={Xie, Junyuan and Xu, Linli and Chen, Enhong},
  journal={Advances in neural information processing systems},
  volume={25},
  pages={341--349},
  year={2012},
  publisher={Citeseer}
}


@article{a53,
  title={Single image dehazing via multi-scale convolutional neural networks with holistic edges},
  author={Ren, Wenqi and Pan, Jinshan and Zhang, Hua and Cao, Xiaochun and Yang, Ming-Hsuan},
  journal={International Journal of Computer Vision},
  volume={128},
  number={1},
  pages={240--259},
  year={2020},
  publisher={Springer}
}


@article{a54,
  title={RYF-Net: Deep Fusion Network for Single Image Haze Removal},
  author={Akshay Dudhane and S. Murala},
  journal={IEEE Transactions on Image Processing},
  year={2020},
  volume={29},
  pages={628-640}
}

@article{a55, title={Densely Connected Pyramid Dehazing Network}, author={H. Zhang and V. Patel}, journal={2018 IEEE/CVF Conference on Computer Vision and Pattern Recognition}, year={2018}, pages={3194-3203} }


@article{a56, title={Gated Context Aggregation Network for Image Dehazing and Deraining}, author={Dongdong Chen and Mingming He and Qingnan Fan and Jing Liao and L. Zhang and Dongdong Hou and L. Yuan and Gang Hua}, journal={2019 IEEE Winter Conference on Applications of Computer Vision (WACV)}, year={2019}, pages={1375-1383} }

@article{a57, title={Single Image Dehazing Using Ranking Convolutional Neural Network}, author={Yafei Song and J. Li and X. Wang and X. Chen}, journal={IEEE Transactions on Multimedia}, year={2018}, volume={20}, pages={1548-1560} }

@article{a58, title={AOD-Net: All-in-One Dehazing Network}, author={Boyi Li and X. Peng and Zhangyang Wang and Jizheng Xu and Dan Feng}, journal={2017 IEEE International Conference on Computer Vision (ICCV)}, year={2017}, pages={4780-4788} }

@article{a59, title={Single Image Dehazing via Conditional Generative Adversarial Network}, author={R. Li and J. Pan and Zechao Li and J. Tang}, journal={2018 IEEE/CVF Conference on Computer Vision and Pattern Recognition}, year={2018}, pages={8202-8211} }

@article{a60, title={Multi-Scale Residual Convolutional Neural Network for Haze Removal of Remote Sensing Images}, author={Hou Jiang and N. Lu}, journal={Remote. Sens.}, year={2018}, volume={10}, pages={945} }

@article{a61, title={Lightness and retinex theory.}, author={E. H. Land and J. McCann}, journal={Journal of the Optical Society of America}, year={1971}, volume={61 1}, pages={ 1-11 } }

@inproceedings{a62,
  title={An Enhancement Algorithm for Video Surveillance Image Based on Multi-scale Retinex},
  author={Tao, Jiang and Pingxian, Yang and Peng, Guo and Wang, Wei},
  booktitle={2011 International Conference on Computational and Information Sciences},
  pages={22--25},
  year={2011},
  organization={IEEE}
}

@article{a63,
  title={Retinex processing for automatic image enhancement},
  author={Rahman, Zia-ur and Jobson, Daniel J and Woodell, Glenn A},
  journal={Journal of Electronic imaging},
  volume={13},
  number={1},
  pages={100--110},
  year={2004},
  publisher={International Society for Optics and Photonics}
}


@article{a64, title={Multi-Scale Residual Convolutional Neural Network for Haze Removal of Remote Sensing Images}, volume={10}, ISSN={2072-4292}, url={http://dx.doi.org/10.3390/rs10060945}, DOI={10.3390/rs10060945}, number={6}, journal={Remote Sensing}, publisher={MDPI AG}, author={Jiang, Hou and Lu, Ning}, year={2018}, month={Jun}, pages={945}}

@article{a65, title={Recent advances in retinex theory and some implications for cortical computations: color vision and the natural image.}, author={E. H. Land}, journal={Proceedings of the National Academy of Sciences of the United States of America}, year={1983}, volume={80 16}, pages={ 5163-9 } }

@article{a66,
  title={Multiscale Retinex Application to Analyze Face Recognition},
  author={Supriyanto, Supriyanto and Harika, Maisevli and Ramadiani, Maya Sri and Ramdania, Diena Rauda},
  journal={Jurnal Online Informatika},
  volume={5},
  number={2},
  year={2020},
  pages={339}
}


@ARTICLE{a67,
  author={D. J. {Jobson} and Z. {Rahman} and G. A. {Woodell}},
  journal={IEEE Transactions on Image Processing}, 
  title={Properties and performance of a center/surround retinex}, 
  year={1997},
  volume={6},
  number={3},
  pages={451-462},
  doi={10.1109/83.557356}}

@inproceedings{a68,
  title={Multi-scale retinex for color image enhancement},
  author={Rahman, Zia-ur and Jobson, Daniel J and Woodell, Glenn A},
  booktitle={Proceedings of 3rd IEEE International Conference on Image Processing},
  volume={3},
  pages={1003--1006},
  year={1996},
  organization={IEEE}
}


@article{a69, title={Multi-scale retinex for color image enhancement}, author={Z. Rahman and D. Jobson and G. A. Woodell}, journal={Proceedings of 3rd IEEE International Conference on Image Processing}, year={1996}, volume={3}, pages={1003-1006 vol.3} }

@article{a70,
  title={Retinex algorithm for image enhancement based on bilateral filtering},
  author={Hu, Wei-wei and Wang, Rong-gui and Fang, Shuai and Hu, Qiong},
  journal={Journal of engineering graphics},
  volume={2},
  pages={104--109},
  year={2010}
}



@inproceedings{a71,
  title={Enhancement MSRCR algorithm of color fog image based on the adaptive scale},
  author={Gao, Yin and Yun, Lijun and Shi, Junsheng and Chen, Feiyan and Lei, Liansha},
  booktitle={Sixth International Conference on Digital Image Processing (ICDIP 2014)},
  volume={9159},
  pages={91591B},
  year={2014},
  organization={International Society for Optics and Photonics}
}



@article{a72, title={An advanced contrast enhancement using partially overlapped sub-block histogram equalization}, author={Joung-Youn Kim and L. Kim and Seung-Ho Hwang}, journal={IEEE Trans. Circuits Syst. Video Technol.}, year={2001}, volume={11}, pages={475-484} }


@INPROCEEDINGS{a73,

  author={G. {Yadav} and S. {Maheshwari} and A. {Agarwal}},

  booktitle={2014 International Conference on Advances in Computing, Communications and Informatics (ICACCI)}, 

  title={Contrast limited adaptive histogram equalization based enhancement for real time video system}, 

  year={2014},

  volume={},

  number={},

  pages={2392-2397},

  doi={10.1109/ICACCI.2014.6968381}}



@article{a74, title={Image defogging algorithm of single color image based on wavelet transform and histogram equalization}, author={W. Jun and Z. Rong}, journal={Applied mathematical sciences}, year={2013}, volume={7}, pages={3913-3921} }

@article{a75, title={Single-scale Retinex sea fog removal algorithm fused the edge information}, journal={Journal of Computer-Aided Design & Computer Graphics}, author={Ma Zhongli and Wen Jie}, year={2015}, pages={217â€“225}} 

@article{a76, title={Fog Removal from Video Sequences Using Contrast Limited Adaptive Histogram Equalization}, author={Zhiyuan Xu and X. Liu and X. Chen}, journal={2009 International Conference on Computational Intelligence and Software Engineering}, year={2009}, pages={1-4} }

@article{a77, title={Fog removal in images using improved dark channel prior and contrast limited adaptive histogram equalization}, author={Rajiv Kapoor and R. Gupta and L. Son and R. Kumar and Sudan Jha}, journal={Multimedia Tools and Applications}, year={2019}, pages={1-27} }

@article{a78, title={Fog Removal from Color Images using Contrast Limited Adaptive Histogram Equalization}, author={Zhiyuan Xu and X. Liu and Na Ji}, journal={2009 2nd International Congress on Image and Signal Processing}, year={2009}, pages={1-5} }

@article{a79, title={Efficient Image Dehazing with Boundary Constraint and Contextual Regularization}, author={Gaofeng Meng and Y. Wang and Jiangyong Duan and S. Xiang and C. Pan}, journal={2013 IEEE International Conference on Computer Vision}, year={2013}, pages={617-624} }

@article{a80, title={Rayleigh-scattering calculations for the terrestrial atmosphere.}, author={A. Bucholtz}, journal={Applied optics}, year={1995}, volume={34 15}, pages={ 2765-73 } }

@inproceedings{a81,
  title={Research on Rayleigh Scattering and Brillouin Scattering of Bidirectional Wavelength Division Multiplexing System},
  author={Wu, Qiwu and Zhou, Yang},
  booktitle={Journal of Physics: Conference Series},
  volume={1651},
  number={1},
  pages={012112},
  year={2020},
  organization={IOP Publishing}
}

@incollection{a82,
  title={Underwater Image Enhancement by Rayleigh Stretching with Adaptive Scale Parameter and Energy Correction},
  author={Sankpal, Sonali and Deshpande, Shraddha},
  booktitle={Computing, Communication and Signal Processing},
  pages={935--947},
  year={2019},
  publisher={Springer}
}


@article{a83, title={Underwater Image Enhancement by Rayleigh Stretching in Time and Frequency Domain}, author={Yuting Peng and Chi-Weng Chang and Mong-shu Lee}, journal={2019 12th International Congress on Image and Signal Processing, BioMedical Engineering and Informatics (CISP-BMEI)}, year={2019}, pages={1-6} }


@article{a84, title={Underwater image quality enhancement through Rayleigh-stretching and averaging image planes}, author={Ahmad Shahrizan Abdul Ghani and N. A. M. Isa}, journal={International Journal of Naval Architecture and Ocean Engineering}, year={2014}, volume={6}, pages={840 - 866} }

@article{a85, title={An improved dark-object subtraction technique for atmospheric scattering correction of multispectral data}, author={P. Chavez}, journal={Remote Sensing of Environment}, year={1988}, volume={24}, pages={459-479} }

@inproceedings{m1,
  title={Atmospheric Light Estimation Using Gradient Information},
  author={Gu, Li-dan and Yang, Chuan-sheng and Wang, Chao},
  booktitle={Proceedings of the 2nd International Conference on Computer Science and Software Engineering},
  pages={166--171},
  year={2019}
}


@inproceedings{z2,
  title={Estimation algorithm of atmospheric light based on ant colony optimization},
  author={Zhang, Wenbo and Hou, Xiaorong},
  booktitle={Proceedings of the 2017 International Conference on Intelligent Systems, Metaheuristics \& Swarm Intelligence},
  pages={20--25},
  year={2017}
}


@article{z3,
  title={ABC-NET: Avoiding Blocking Effect & Color Shift Network for Single Image Dehazing Via Restraining Transmission Bias},
  author={C. Wang and Yue-Xian Zou and Zehan Chen},
  journal={2020 IEEE International Conference on Image Processing (ICIP)},
  year={2020},
  pages={1053-1057}
}

@article{z4, title={Simulation and analysis of atmospheric scattering in stray light testing for point source transmittance.}, author={Z. Ma and Qinfang Chen and H. Wang}, journal={Applied optics}, year={2021}, volume={60 2}, pages={ 232-238 } }


 @article{a86, title={Fast haze removal for a single remote sensing image using dark channel prior}, author={J. Long and Z. Shi and W. Tang}, journal={2012 International Conference on Computer Vision in Remote Sensing}, year={2012}, pages={132-135} }

@article{a87, title={Real-Time Dehazing for Image and Video}, author={Xingyong Lv and W. Chen and I. Shen}, journal={2010 18th Pacific Conference on Computer Graphics and Applications}, year={2010}, pages={62-69} }

@article{a88, title={Fast image dehazing using improved dark channel prior}, author={Haoran Xu and J. Guo and Q. Liu and Lingli Ye}, journal={2012 IEEE International Conference on Information Science and Technology}, year={2012}, pages={663-667} }

@article{a89,
  title={Fast single-image defogging},
  author={Tan, Zhiming and Bai, Xianghui and Wang, Bingrong and Higashi, Akihiro},
  journal={Fujitsu Sci. Tech. J},
  volume={50},
  number={1},
  pages={60--65},
  year={2014}
}


@article{a90, title={Fast image dehazing using guided joint bilateral filter}, author={Chunxia Xiao and J. Gan}, journal={The Visual Computer}, year={2012}, volume={28}, pages={713-721} }

@article{a91, title={The single image dehazing based on efficient transmission estimation}, author={Soowoong Jeong and Sangkeun Lee}, journal={2013 IEEE International Conference on Consumer Electronics (ICCE)}, year={2013}, pages={376-377} }

@article{a92, title={Color image contrast enhancement by co-occurrence histogram equalization and dark channel prior}, author={H. Yang and Jiuhe Wang}, journal={2010 3rd International Congress on Image and Signal Processing}, year={2010}, volume={2}, pages={659-663} 


@inproceedings{a93,
  title={Physics-based fast single image fog removal},
  author={Yu, Jing and Xiao, Chuangbai and Li, Dapeng},
  booktitle={IEEE 10th International Conference on Signal Processing Proceedings},
  pages={1048--1052},
  year={2010},
  organization={IEEE}
}



@article{a94, title={Dehazing for Image and Video Using Guided Filter}, author={Z. Lin and Xuansheng Wang}, journal={Open Journal of Applied Sciences}, year={2012}, volume={02}, pages={123-127} }

@article{a95, title={Video Defogging Based on Adaptive Tolerance}, author={Yu Li-nan and Piao Yan and Yan Xiao-yuan}, journal={Indonesian Journal of Electrical Engineering and Computer Science}, year={2012}, volume={10}, pages={1644-1654} }

@article{a96,
  title={Remote sensing image dehazing using guided filter},
  author={Sandeep, MS},
  journal={Int. J. Res. Stud. Comput. Sci. Eng},
  volume={1},
  pages={44--49},
  year={2014},
  publisher={Citeseer}
}



@article{a97,
  title={Efficient Image Dehazing with Boundary Constraint and Contextual Regularization},
  author={Gaofeng Meng and Y. Wang and Jiangyong Duan and S. Xiang and C. Pan},
  journal={2013 IEEE International Conference on Computer Vision},
  year={2013},
  pages={617-624}
}

@article{a98,
  title={Image Dehazing Using Residual-Based Deep CNN},
  author={J. Li and Guihui Li and H. Fan},
  journal={IEEE Access},
  year={2018},
  volume={6},
  pages={26831-26842}
}

@article{d10, title={Recurrent Context Aggregation Network for Single Image Dehazing}, author={Chen Wang and Runqing Chen and Yang Lu and Y. Yan and H. Wang}, journal={IEEE Signal Processing Letters}, year={2021}, volume={28}, pages={419-423} }

@inproceedings{d9,
  title={Progressive feature fusion network for realistic image dehazing},
  author={Mei, Kangfu and Jiang, Aiwen and Li, Juncheng and Wang, Mingwen},
  booktitle={Asian conference on computer vision},
  pages={203--215},
  year={2018},
  organization={Springer}
}


@article{d8,title={IDE: Image Dehazing and Exposure Using an Enhanced Atmospheric Scattering Model}, author={Mingye Ju and C. Ding and Wenqi Ren and Y. Yang and Dengyin Zhang and Y. Guo}, journal={IEEE Transactions on Image Processing}, year={2021}, volume={30}, pages={2180-2192} }

@article{d7,
  title={Single image dehazing using a new color channel},
  author={Sahu, Geet and Seal, Ayan and Krejcar, Ondrej and Yazidi, Anis},
  journal={Journal of Visual Communication and Image Representation},
  volume={74},
  pages={103008},
  year={2021},
  publisher={Elsevier}
}

@article{d6,
  title={Deep joint neural model for single image haze removal and color correction},
  author={Zhang, Tianlun and Yang, Xi and Wang, Xizhao and Wang, Ran},
  journal={Information Sciences},
  volume={541},
  pages={16--35},
  year={2020},
  publisher={Elsevier}
}

@article{d5, title={A modular architecture for high resolution image dehazing}, author={Deepa Nair and P. Sankaran}, journal={Signal Process. Image Commun.}, year={2021}, volume={92}, pages={116113} }

@article{d4,
  title={A Model-based dehazing scheme for unmanned aerial vehicle system using radiance boundary constraint and graph model},
  author={Gautam, Sidharth and Gandhi, Tapan Kumar and Panigrahi, BK},
  journal={Journal of Visual Communication and Image Representation},
  volume={74},
  pages={102993},
  year={2021},
  publisher={Elsevier}
}


@article{d3, title={Utilizing Two-Phase Processing With FBLS for Single Image Deraining}, author={Xiao Lin and Lizhuang Ma and Bin Sheng and Z. Wang and W. Chen}, journal={IEEE Transactions on Multimedia}, year={2021}, volume={23}, pages={664-676} }

@incollection{d2,
  title={Visibility improvement of hazy image using fusion of multiple exposure images},
  author={Agrawal, Subhash Chand and Jalal, Anand Singh},
  booktitle={Smart Innovations in Communication and Computational Sciences},
  pages={321--332},
  year={2021},
  publisher={Springer}
}


@article{d1, title={Editorial: Introduction to the Issue on Deep Learning for Image/Video Restoration and Compression}, author={A. Tekalp and M. Covell and R. Timofte and C. Dong}, journal={IEEE J. Sel. Top. Signal Process.}, year={2021}, volume={15}, pages={157-161} }



@inproceedings{a99,
  title={Maxout networks},
  author={Goodfellow, Ian and Warde-Farley, David and Mirza, Mehdi and Courville, Aaron and Bengio, Yoshua},
  booktitle={International conference on machine learning},
  pages={1319--1327},
  year={2013},
  organization={PMLR}
}


@inproceedings{a100,
  title={Identity mappings in deep residual networks},
  author={He, Kaiming and Zhang, Xiangyu and Ren, Shaoqing and Sun, Jian},
  booktitle={European conference on computer vision},
  pages={630--645},
  year={2016},
  organization={Springer}
}


@inproceedings{a101,
  title={Perceptual losses for real-time style transfer and super-resolution},
  author={Johnson, Justin and Alahi, Alexandre and Fei-Fei, Li},
  booktitle={European conference on computer vision},
  pages={694--711},
  year={2016},
  organization={Springer}
}



@article{a102,
  title={Benchmarking Single-Image Dehazing and Beyond},
  author={Boyi Li and W. Ren and Dengpan Fu and D. Tao and D. Feng and Wenjun Zeng and Zhangyang Wang},
  journal={IEEE Transactions on Image Processing},
  year={2019},
  volume={28},
  pages={492-505}
}


@article{a103,
  title={A Review of Various Histogram Equalization Techniques for Image Enhancement},
  author={Afaque Azam},
  journal={IOSR Journal of Electrical and Electronics Engineering},
  year={2016},
  volume={11},
  pages={48-51}
}

@INPROCEEDINGS{a104,  author={X. Y. {Guo} and G. {Chun Wan} and M. S. {Tong}},  booktitle={2019 Photonics   Electromagnetics Research Symposium - Fall (PIERS - Fall)},   title={An Intelligent Control System of Music Rhythms by RGB-LED Lamp},   year={2019}, pages={1622-1627},  doi={10.1109/PIERS-Fall48861.2019.9021892}}


@article{a105,
  title={On connected filters in color image processing},
  author={Katherine R. Weber and S. Acton},
  journal={Journal. Electronic Imaging},
  year={2004},
  volume={13},
  pages={619-629}
}


@INPROCEEDINGS{a106,
  author={A. S. A. {Ghani} and A. F. A. {Nasir} and M. A. {Zakaria} and A. N. {Ibrahim}},
  booktitle={2018 25th International Conference on Mechatronics and Machine Vision in Practice (M2VIP)}, 
  title={Modification of Lab color model for minimizing blue-green illumination of underwater vision system}, 
  year={2018},
  pages={1-7},
  doi={10.1109/M2VIP.2018.8600832}}

@article{a107,
  title={Color2gray: salience-preserving color removal},
  author={Gooch, Amy A and Olsen, Sven C and Tumblin, Jack and Gooch, Bruce},
  journal={ACM Transactions on Graphics (TOG)},
  volume={24},
  number={3},
  pages={634--639},
  year={2005},
  publisher={ACM New York, NY, USA}
}


@INPROCEEDINGS{a108,  author={F. {Dai} and B. {Fan} and Y. {Peng}},  booktitle={2018 Chinese Control And Decision Conference (CCDC)},   title={An image haze removal algorithm based on blockwise processing using LAB color space and bilateral filtering},   year={2018},  volume={},  number={},  pages={5945-5948},  doi={10.1109/CCDC.2018.8408172}}

@ARTICLE{a109,  author={C. -H. {Lin} and W. -M. {Liao} and J. -W. {Liang} and P. -H. {Chen} and C. -E. {Ko} and C. -H. {Yang} and C. -K. {Lu}},  journal={IEEE Sensors Journal},   title={Denoising Performance Evaluation of Automated Age-Related Macular Degeneration Detection on Optical Coherence Tomography Images},   year={2021},  volume={21},  number={1},  pages={790-801},  doi={10.1109/JSEN.2020.3014254}}


@INPROCEEDINGS{a110,  author={G. {George} and R. M. {Oommen} and S. {Shelly} and S. S. {Philipose} and A. M. {Varghese}},  booktitle={2018 Conference on Emerging Devices and Smart Systems (ICEDSS)},   title={A Survey on Various Median Filtering Techniques For Removal of Impulse Noise From Digital Image},   year={2018},  volume={},  number={},  pages={235-238},  doi={10.1109/ICEDSS.2018.8544273}}

@inproceedings{h2,
  title={Light polarization imaging recovery technique in marine fish observations},
  author={Cao, Wei and Yuan, Jieyu and Yang, Juqing and Cai, Zhanchuan and Tang, Jialin and Yang, Hao and Su, Binghua},
  booktitle={Seventh Symposium on Novel Photoelectronic Detection Technology and Applications},
  volume={11763},
  pages={117634O},
  year={2021},
  organization={International Society for Optics and Photonics}
}


@article{h1, title={Severe haze in northern China: A synergy of anthropogenic emissions and atmospheric processes}, author={Z. An and Ru-Jin Huang and R. Zhang and X. Tie and Guohui Li and J. Cao and W. Zhou and Zhengguo Shi and Yongming Han and Zhaolin Gu and Yuemeng Ji}, journal={Proceedings of the National Academy of Sciences of the United States of America}, year={2019}, volume={116}, pages={8657 - 8666} }

@article{h3,
  title={Image defogging method combining light field depth estimation and dark channel},
  author={B. Xie and Junxia Yang and Jianhao Shen and Zhiming Lv},
  journal={2021 IEEE International Conference on Consumer Electronics and Computer Engineering (ICCECE)},
  year={2021},
  pages={745-749}
}

@article{h4,
  title={Single-image super-resolution reconstruction using dark channel regularization network},
  author={Di Zhang and Jiazhong He and Yun Zhao and Huailing Zhang},
  journal={Signal, Image and Video Processing},
  year={2021},
  volume={15},
  pages={431-438}
}

@article{h5,
  title={Image Defogging Framework Using Segmentation and the Dark Channel Prior},
  author={Anan, Sabiha and Khan, Mohammad Ibrahim and Kowsar, Mir Md Saki and Deb, Kaushik and Dhar, Pranab Kumar and Koshiba, Takeshi},
  journal={Entropy},
  volume={23},
  number={3},
  pages={285},
  year={2021},
  publisher={Multidisciplinary Digital Publishing Institute}
}




@inproceedings{a111,
  title={A comparison of visual statistics for the image enhancement of FORESITE aerial images with those of major image classes},
  author={Jobson, Daniel J and Rahman, Zia-ur and Woodell, Glenn A and Hines, Glenn D},
  booktitle={Visual Information Processing XV},
  volume={6246},
  pages={624601},
  year={2006},
  organization={International Society for Optics and Photonics}
}



@article{l1,
  title={Creating a Color Map to be used to Convert a Gray Image to Color Image},
  author={J. Azzeh and Hussein Alhatamleh and Ziad AlQadi and Mohammad K. Abuzalata},
  journal={International Journal of Computer Applications},
  year={2016},
  volume={153},
  pages={31-34}
}

@article{l2,
  title={Automatic gray images colorization based on lab color space},
  author={N. Abbadi and Eman Saleem Razaq},
  journal={Indonesian Journal of Electrical Engineering and Computer Science},
  year={2020},
  volume={18},
  pages={1501-1509}
}

@article{l3,
  title={An efficient approach toward color image segmentation with combined effort of soft clustering and region based techniques using L channel of LAB color space},
  author={Bora, Dibya Jyoti and Gupta, Anil Kumar and Khan, Fayaz Ahmad},
  journal={International Journal of Computer Applications},
  volume={975},
  pages={8887},
  year={2015},
  publisher={Foundation of Computer Science}
}


@article{l4,
  title={Superposition of Dual Image Fusion with Improved Dehazing Methods for high Visibility of Underwater Image},
  author={Ahmad Shahrizan Abdul Ghani and Ahmad Fakhri Ab Nasir},
  journal={2019 International Conference on Pervasive Intelligence and Computing},
  year={2019},
  pages={748-753}
}



@article{60,
  title={Image Dehazing in Disproportionate Haze Distributions},
  author={Shih-Chia Huang and Da-Wei Jaw and Wenli Li and Zhihui Lu and Sy-Yen Kuo and B. Fung and Bo-Hao Chen and Thanisa Numnonda},
  journal={IEEE Access},
  year={2021},
  volume={9},
  pages={44599-44609}
}

@article{70,
  title={Accelerating Haze Removal Algorithm Using CUDA},
  author={Wu, Xianyun and Wang, Keyan and Li, Yunsong and Liu, Kai and Huang, Bormin},
  journal={Remote Sensing},
  volume={13},
  number={1},
  pages={85},
  year={2021},
  publisher={Multidisciplinary Digital Publishing Institute}
